
@online{rmit_-_cs_lecture_2017,
	title = {Lecture: Graphics pipeline},
	url = {https://web.archive.org/web/20171207095603/http://goanna.cs.rmit.edu.au/~gl/teaching/rtr%263dgp/notes/pipeline.html},
	shorttitle = {Lecture},
	author = {{RMIT} - {CS}},
	urldate = {2021-06-03},
	date = {2017-12-07},
	file = {Snapshot:/home/leix/Zotero/storage/WNEBV2WA/pipeline.html:text/html}
}

@unpublished{fernandez_tarjetas_2021,
	title = {Tarjetas Gráficas y Aceleradores},
	author = {Fernández, Agustín},
	date = {2021}
}

@unpublished{lawrence_3d_2012,
	title = {3D Polygon Rendering Pipeline},
	url = {https://web.archive.org/web/20161229102150/http://www.cs.virginia.edu/~gfx/Courses/2012/IntroGraphics/lectures/13-Pipeline.pdf},
	author = {Lawrence, Jason},
	urldate = {2021-06-03},
	date = {2012-10-22},
	file = {PDF Snapshot:/home/leix/Zotero/storage/HPIV2EHW/2016 - Wayback Machine.pdf:application/pdf}
}

@online{noauthor_rendering_2021,
	title = {Rendering Pipeline Overview},
	url = {https://www.khronos.org/opengl/wiki/Rendering_Pipeline_Overview},
	titleaddon = {{OpenGL} Wiki},
	type = {Wiki},
	urldate = {2021-06-03},
	date = {2021-02-11},
	file = {Rendering Pipeline Overview - OpenGL Wiki:/home/leix/Zotero/storage/9NKITADE/Rendering_Pipeline_Overview.html:text/html}
}

@book{moller_real-time_2018,
	location = {Boca Raton},
	edition = {Fourth edition},
	title = {Real-time rendering},
	isbn = {978-1-351-81615-1},
	pagetotal = {1196},
	publisher = {Taylor and Francis, {CRC} Press},
	author = {Möller, Tomas},
	date = {2018},
	langid = {english},
	keywords = {Computer graphics, Real-time data processing, Rendering (Computer graphics)},
	file = {Möller - 2018 - Real-time rendering.pdf:/home/leix/Zotero/storage/CM7IYCCA/Möller - 2018 - Real-time rendering.pdf:application/pdf}
}

@online{giesen_trip_2011,
	title = {A trip through the Graphics Pipeline 2011: Index},
	url = {https://fgiesen.wordpress.com/2011/07/09/a-trip-through-the-graphics-pipeline-2011-index/},
	shorttitle = {A trip through the Graphics Pipeline 2011},
	abstract = {Welcome. This is the index page for a series of blog posts I’m currently writing about the D3D/{OpenGL} graphics pipelines as actually implemented by {GPUs}. A lot of this is well known among gra…},
	titleaddon = {The ryg blog},
	author = {Giesen, Fabian},
	urldate = {2021-06-11},
	date = {2011-07-09},
	langid = {english},
	file = {Snapshot:/home/leix/Zotero/storage/JRFSYKSK/a-trip-through-the-graphics-pipeline-2011-index.html:text/html}
}

@online{noauthor_virtual_2008,
	title = {virtual \{mo\}ritz » {REYES}, Primitives \& Some Philosophy},
	url = {https://web.archive.org/web/20080315063655/http://www.virtualritz.com/essays/reyes-primitives-some-philosophy/},
	urldate = {2021-06-11},
	date = {2008-03-15},
	file = {Snapshot:/home/leix/Zotero/storage/KI8NCBDA/reyes-primitives-some-philosophy.html:text/html}
}

@online{shua_rispec_2011,
	title = {{RiSpec} or Welcome to Renderman},
	url = {https://joshuaandrewjackson.wordpress.com/2011/12/29/blender-to-prman-chapter-2-rispec-or-welcome-to-renderman/},
	shorttitle = {Blender to {PRMan}},
	abstract = {January 11, 2012 Update: Work in Progress. Extending {RSL} information. Continuing to fill in temp pictures until a full overview of spec complete. Currently completing section [{RSL} {ShadeOp}: Function…},
	titleaddon = {Farbenkugel Express},
	author = {Shua, Jackson},
	urldate = {2021-06-11},
	date = {2011-12-28},
	langid = {english},
	file = {Snapshot:/home/leix/Zotero/storage/R4SS3NMG/blender-to-prman-chapter-2-rispec-or-welcome-to-renderman.html:text/html}
}

@report{volkov_understanding_nodate,
	title = {Understanding Latency Hiding on {GPUs}},
	pages = {128},
	author = {Volkov, Vasily},
	langid = {english},
	file = {Volkov - Understanding Latency Hiding on GPUs.pdf:/home/leix/Zotero/storage/5JK255FT/Volkov - Understanding Latency Hiding on GPUs.pdf:application/pdf}
}

@online{noauthor_introducing_2018,
	title = {Introducing the {NVIDIA} {RTX} Ray Tracing Platform},
	url = {https://developer.nvidia.com/rtx/raytracing},
	abstract = {{NVIDIA} {RTX} is a \#raytracing platform that brings real-time, cinematic-quality rendering to content creators and game developers. Learn more.},
	titleaddon = {{NVIDIA} Developer},
	urldate = {2021-06-11},
	date = {2018-03-06},
	langid = {english},
	file = {Snapshot:/home/leix/Zotero/storage/U4E9T2ZX/raytracing.html:text/html}
}

@artwork{leopold_english_2017,
	title = {English:  Illustration of a simple Ray Tracing algorithm for one pixel up to the first bounce.},
	url = {https://commons.wikimedia.org/wiki/File:Ray_Tracing_Illustration_First_Bounce.png},
	shorttitle = {English},
	author = {Leopold, Nikolaus},
	urldate = {2021-06-11},
	date = {2017-05-02},
	file = {Wikimedia Snapshot:/home/leix/Zotero/storage/JL8SHSV8/FileRay_Tracing_Illustration_First_Bounce.html:text/html}
}